@article{DAMIT,
       author = {{Durech}, J. and {Sidorin}, V. and {Kaasalainen}, M.},
        title = "{DAMIT: a database of asteroid models}",
      journal = {\aap},
     keywords = {minor planets, asteroids: general, astronomical data bases: miscellaneous},
         year = 2010,
        month = apr,
       volume = {513},
          eid = {A46},
        pages = {A46},
          doi = {10.1051/0004-6361/200912693},
          link = {https://astro.troja.mff.cuni.cz/projects/damit/}
}

@article{AsteroidMining,
author = "Kris Zacny, et al.", 
year = {2013}
}


@article{VegaMag0,
author = "Bohlin, R. C. Gilliland, R. L.",
title = {HUBBLE SPACE TELESCOPE ABSOLUTE SPECTROPHOTOMETRY OF VEGA FROM THE FAR-ULTRAVIOLET TO THE INFRARED},
THE FAR-ULTRAVIOLET TO THE INFRARED}
year = {2004},
month ={June},
volume = {127},
number = {6},
publisher = {The Astronomical Journal},
pages = {3508-3515}
}

@article{LSol,
author = "Salvador, G. et al.",
title = "Experimental estimation of the luminosity of the Sun",
journal = {American Journal of Physics},
volume = {74},
number = {8},
pages = {728-733},
year = {2006},
doi = {10.1119/1.2192789},
URL = { https://doi.org/10.1119/1.2192789}
}

@article{mitakaAlbedo,
title = {Absolute magnitudes of asteroids and a revision of asteroid albedo estimates from WISE thermal observations},
journal = {Icarus},
volume = {221},
number = {1},
pages = {365-387},
year = {2012},
issn = {0019-1035},
doi = {https://doi.org/10.1016/j.icarus.2012.07.026},
url = {https://www.sciencedirect.com/science/article/pii/S0019103512003028},
author = {Pravec, P. et al.},
}

@article{ModelMaking,
title = {Optimization Methods for Asteroid Lightcurve Inversion: I. Shape Determination},
author = {Kaasalainen, M. Torppa, J.}, 
journal = {Icarus},
volume = {153},
number = {1},
pages = {24-36},
year = {2001},
issn = {0019-1035},
doi = {https://doi.org/10.1006/icar.2001.6673},
url = {https://www.sciencedirect.com/science/article/pii/S0019103501966734}
}


@article{sComp,
author = {Clark, B. E.},
title = {Spectral mixing models of S-type asteroids},
journal = {Journal of Geophysical Research: Planets},
year = {1995},
volume = {100},
number = {E7},
pages = {14443-14456},
doi = {https://doi.org/10.1029/95JE00720},
url = {https://agupubs.onlinelibrary.wiley.com/doi/abs/10.1029/95JE00720},
year = {1995}
}

@article{LiInProx,
title = {The distribution of lithium in peridotitic and pyroxenitic mantle lithologies â€” an indicator of magmatic and metasomatic processes},
journal = {Chemical Geology},
volume = {166},
number = {1},
pages = {47-64},
year = {2000},
issn = {0009-2541},
doi = {https://doi.org/10.1016/S0009-2541(99)00184-9},
url = {https://www.sciencedirect.com/science/article/pii/S0009254199001849},
author = {Hans-Michael Seitz and Alan B Woodland}
}



@article{STypeDenstiy,
author = {Vernazza, P. Et al.},
title = {VLT/SPHERE imaging survey of the largest main-belt asteroids: Final results and synthesis},
	DOI= "10.1051/0004-6361/202141781",
	url= "https://doi.org/10.1051/0004-6361/202141781",
	journal = {A\&A},
	year = 2021,
	volume = 654,
	pages = "A56"
}

@book{conjugateGradMethod,
  title={Journal of Research of the National Bureau of Standards},
  author={United States. National Bureau of Standards},
  number={v. 49},
  url={https://books.google.co.uk/books?id=KKrhEewgf3cC},
  year={1952},
  publisher={U.S. Government Printing Office}
}

@article{jplEphAngle,
title = "JPL Horizons 1088 Mitaka",
author = {Giorgini, J. D.},
year = {2023},
url = {https://ssd.jpl.nasa.gov/horizons/app.html#/}
}

@article{jplMitaka,
title = "1088 Mitaka (1927 WA)",
author = {Jet Propulsion Lab},
id = {SPKID: 20001088},
year = {2023},
url = {https://ssd.jpl.nasa.gov/tools/sbdb_lookup.html#/?sstr=mitaka}
}







